<?xml version="1.0" encoding="UTF-8"?><collection xmlns="http://www.loc.gov/MARC21/slim"><record><leader>00371nam--2200133-i-4500</leader><controlfield tag="001">000002200</controlfield><controlfield tag="002">20161230</controlfield><controlfield tag="005">20161230201024</controlfield><controlfield tag="008">060222s1000------------r-----000-0-eng-d</controlfield><datafield ind1=" " ind2=" " tag="080"><subfield code="a">681.3.06</subfield></datafield><datafield ind1=" " ind2=" " tag="100"><subfield code="a">Findley, Robert</subfield></datafield><datafield ind1=" " ind2=" " tag="245"><subfield code="a">Scelbi  6800  software gourmet guide and cook book</subfield></datafield><datafield ind1=" " ind2=" " tag="260"><subfield code="a">Milford, Scelbi Computer Consulting, Inc., 1987. /Pag. Dif.</subfield></datafield><datafield ind1=" " ind2=" " tag="852"><subfield code="a">46705</subfield></datafield></record></collection>